@Misc{IS1ArquitecturaDia1,
  author = 	 {Tomas San Feliu},
  title = 	 {Arquitectura Software, Conceptos y Actividades},
  year = 	 {2017},
  note = 	 {\url{https://moodle.upm.es/titulaciones/oficiales/pluginfile.php/325464/mod\_folder/content/0/Material%20de%20Clases/2017\_Conceptos.pdf?forcedownload=1}}
}

